@unpublished{ART_ArchPi,
	author       = {B. McKeeman},
	title        = {The Computation of Pi by Archimedes},
	howpublished = {MathWorks File Exchange},
	year         = {2010},
	month        = {11},
	url          = {http://www.mathworks.com/matlabcentral/fileexchange/29504-the-computation-of-pi-by-archimedes/content/html/ComputationOfPiByArchimedes.html#37}
}
	
@online{ONL_BabylAnly,
	title  = {Yale Babylonian Collection Images and Analysis},
	url    = {http://www.math.ubc.ca/~cass/Euclid/ybc/ybc.html}
}

@online{ONL_Babbage,
	author = {Computer History Museum},
	title  = {The Babbage Engine},
	url    = {http://www.computerhistory.org/babbage/}
}

@manual{MAN_ieee754,
	author = {Institue of Electrical and Electronics Engineers},
	title  = {IEEE Standard for Floating-Point Arithmetic},
	year   = {2008},
	isbn   = {9780738157535},
	url    = {https://standards.ieee.org/findstds/standard/754-2008.html}
}

@online{ONL_gmp,
	title  = {The GNU Multiple Precision Artihmetic Library},
	url    = {https://gmplib.org/}
}

@online{ONL_mpfr,
	title  = {The GNU MPFR Library},
	url    = {http://www.mpfr.org/}
}

@book{BOK_NumMeth,
	author       = {A. Greenbaum and T. Chartier},
	maintitle    = {Numerical Methods},
	mainsubtitle = {Design, analysis, and computer implementation of algorithms},
	year         = {2012},
	publisher    = {Princeton University Press},
	isbn         = {97806911511229}
}

@book{BOK_Taylor,
	author         = {B. Taylor},
	maintitle      = {Methodus Incrementorum Directa et Inversa},
	maintitleaddon = {Direct and Reverse Methods of Incrementation},
	year           = {1715}
}

@book{BOK_Squeeze,
	author    = {J. Stewart},
	title     = {Multivariable Calculus},
	year      = {2007},
	month     = {6},
	publisher = {Brooks Cole},
	isbn      = {9780495011637},
	edition   = {6}
}

@unpublished{ART_Complexity,
	author = {T. Henderson},
	title  = {Cryptography and Complexity},
	year   = {2012},
	url    = {http://hackthology.com/pdfs/crypto-complexity.pdf}
}

@book{BOK_HistMat,
	author    = {E. Howard},
	title     = {An Introduction to the History of Mathematics},
	year      = {1992},
	edition   = {6},
	isbn      = {9780880294188},
	publisher = {Saunders College Publishing}
}

@article{ART_RamaPi,
	author  = {S. Ramanujan},
	title   = {Modular equations and approximations to pi},
	year    = {1914},
	journal = {Quart J Math: Oxford}
}

@article{ART_ChudPi,
	author  = {D. Chudnovsky and G. Chudnovsky},
	title   = {The Computation of Classical Constants},
	year    = {1989},
	month   = {8},
	url     = {http://www.pnas.org/content/86/21/8178.full.pdf},
	journal = {PNAS}
}

@online{ONL_1MilPi,
	title  = {A million digits of Pi},
	url    = {http://www.exploratorium.edu/pi/pi_archive/Pi10-6.html},
	author = {Exploratorium.edu}
}

@online{ONL_OddFunc,
	title        = {Odd Function},
	author       = {C. Stover},
	url          = {http://mathworld.wolfram.com/OddFunction.html},
	organization = {Wolfram Alpha}
}

@unpublished{ART_CORDIC,
	author = {R. Parris},
	title  = {Elementary Functions and Calculators},
	url    = {http://math.exeter.edu/rparris/peanut/cordic.pdf}
}

@book{BOK_CalcBook,
	author       = {G. Rising},
	maintitle    = {Inside Your Calculator},
	mainsubtitle = {From Simple Programs to Significant Insights},
	publisher    = {Wiley},
	year         = {2007},
	isbn         = {978047011408}
}

@online{ONL_ExpPres,
	author = {L. Jordan},
	title  = {Exponential Functions in the Real World},
	url    = {https://www.sophia.org/tutorials/exponential-functions-in-the-real-world--3}
}

@book{BOK_ContFrac,
	author       = {L. Lorentzen and H. Waadeland},
	maintitle    = {Continued Fractions},
	mainsubtitle = {Volume 1: Convergence Theory},
	editor       = {C. Chui},
	edition      = {2},
	year         = {2008},
	publisher    = {Atlantis Press},
	isbn         = {9789078677079}
}

@book{BOK_JoTh80,
	author       = {W. Jones and W. Thron},
	maintitle    = {Continued Fractions},
	mainsubtitle = {Analytic Theory and Applications},
	year         = {1980},
	publisher    = {Addison-Wesley Publishing Company},
}

@book{BOK_EulContFrac,
	author = {L. Euler},
	title  = {Introductio in analysin infinitorum},
	year   = {1748}
}

@book{BOK_HistMat2,
	author       = {N. Artemiadis},
	maintitle    = {History of Mathematics},
	mainsubtitle = {From a Mathematician's Vantage Point},
	publisher    = {AMS},
	translator   = {N. Sofronidis},
	year         = {2004},
	isbn         = {0821834037}
}

@book{BOK_RealAnaly1,
	author    = {C. Aliprantis and O. Burkinshaw},
	title     = {Principles of Real Analysis},
	edition   = {2},
	publisher = {Academic Press Limited},
	year      = {1990},
	isbn      = {0120502550}
}

@book{BOK_RealAnaly2,
	author = {F. Morgan},
	title  = {Real Analysis},
	publisher = {AMS},
	year = {2005},
	isbn = {0821836706}
}

@online{ONL_MathCosImp,
	author = {IBM},
	title  = {Implementation of \(\cos\) in \codeinline{math.h}},
	url    = {https://sourceware.org/git/?p=glibc.git;a=blob;f=sysdeps/ieee754/dbl-64/s_sin.c;hb=HEAD#l281}
}
